<record><leader>00000cas a22000007a 4500</leader><controlfield tag="001">19340759</controlfield><controlfield tag="008">890310d19311932pauwr ne      0    0eng d</controlfield><datafield ind1=" " ind2=" " tag="010"><subfield code="a">sn 89077104 </subfield></datafield><datafield ind1=" " ind2=" " tag="040"><subfield code="a">NPH</subfield><subfield code="b">eng</subfield><subfield code="c">NPH</subfield><subfield code="d">OCLCQ</subfield></datafield><datafield ind1=" " ind2=" " tag="042"><subfield code="a">msc</subfield></datafield><datafield ind1="0" ind2="4" tag="245"><subfield code="a">The Tri-boro beacon.</subfield></datafield><datafield ind1=" " ind2=" " tag="260"><subfield code="a">Evans City, Pa. :</subfield><subfield code="b">Beacon Pub. Co.</subfield></datafield><datafield ind1=" " ind2=" " tag="300"><subfield code="a">v. :</subfield><subfield code="b">ill. ;</subfield><subfield code="c">56 cm.</subfield></datafield><datafield ind1=" " ind2=" " tag="310"><subfield code="a">Weekly</subfield></datafield><datafield ind1="0" ind2=" " tag="362"><subfield code="a">First yr., no. 1 (Dec. 2, 1931)-1st yr., [no. 37] (July 28, 1932).</subfield></datafield><datafield ind1=" " ind2=" " tag="500"><subfield code="a">"Evans City, Mars, Zelienople."</subfield></datafield><datafield ind1=" " ind2=" " tag="752"><subfield code="a">United States</subfield><subfield code="b">Pennsylvania</subfield><subfield code="c">Butler</subfield><subfield code="d">Evans City.</subfield></datafield><datafield ind1=" " ind2=" " tag="752"><subfield code="a">United States</subfield><subfield code="b">Pennsylvania</subfield><subfield code="c">Butler</subfield><subfield code="d">Mars.</subfield></datafield><datafield ind1=" " ind2=" " tag="752"><subfield code="a">United States</subfield><subfield code="b">Pennsylvania</subfield><subfield code="c">Butler</subfield><subfield code="d">Zelienople.</subfield></datafield><datafield ind1="0" ind2="7" tag="785"><subfield code="t">Connoquenessing Valley news</subfield><subfield code="w">(DLC)sn 87079931</subfield></datafield><datafield ind1="0" ind2="7" tag="785"><subfield code="t">News-beacon (Zelienople, Pa.)</subfield><subfield code="w">(DLC)sn 89077091</subfield></datafield></record>